<record><leader>00000cas a2200000 a 4500</leader><controlfield tag="001">9563116</controlfield><controlfield tag="008">830601c19669999ndudr ne      0   a0eng c</controlfield><datafield ind1=" " ind2=" " tag="010"><subfield code="a">sn 83045615 </subfield></datafield><datafield ind1=" " ind2=" " tag="040"><subfield code="a">CRL</subfield><subfield code="b">eng</subfield><subfield code="c">CRL</subfield><subfield code="d">NPW</subfield><subfield code="d">DLC</subfield><subfield code="d">NPW</subfield><subfield code="d">YOX</subfield><subfield code="d">NSD</subfield><subfield code="d">YOX</subfield><subfield code="d">NVF</subfield><subfield code="d">DLC</subfield><subfield code="d">CRL</subfield><subfield code="d">DLC</subfield><subfield code="d">OCLCQ</subfield><subfield code="d">OCLCF</subfield><subfield code="d">OCLCO</subfield><subfield code="d">DLC</subfield><subfield code="d">COO</subfield></datafield><datafield ind1=" " ind2=" " tag="012"><subfield code="m">1</subfield></datafield><datafield ind1="1" ind2=" " tag="022"><subfield code="a">0895-1292</subfield><subfield code="l">0895-1292</subfield><subfield code="2">1</subfield></datafield><datafield ind1="1" ind2=" " tag="029"><subfield code="a">AU@</subfield><subfield code="b">000020227736</subfield></datafield><datafield ind1="1" ind2=" " tag="029"><subfield code="a">NZ1</subfield><subfield code="b">16053216</subfield></datafield><datafield ind1=" " ind2=" " tag="032"><subfield code="a">206660</subfield><subfield code="b">USPS</subfield></datafield><datafield ind1=" " ind2=" " tag="037"><subfield code="b">The Forum, P.O. Box 2020, Fargo, ND 58107-2020</subfield></datafield><datafield ind1=" " ind2=" " tag="042"><subfield code="a">nsdp</subfield><subfield code="a">pcc</subfield></datafield><datafield ind1=" " ind2=" " tag="043"><subfield code="a">n-us-nd</subfield></datafield><datafield ind1="0" ind2="0" tag="050"><subfield code="a">Newspaper</subfield></datafield><datafield ind1="0" ind2=" " tag="130"><subfield code="a">Forum (Fargo, N.D.)</subfield></datafield><datafield ind1=" " ind2="4" tag="222"><subfield code="a">The Forum</subfield><subfield code="b">(Fargo, N.D.)</subfield></datafield><datafield ind1="1" ind2="4" tag="245"><subfield code="a">The forum.</subfield></datafield><datafield ind1="1" ind2=" " tag="246"><subfield code="i">Sunday issues for Apr. 3, 1966-Apr. 15, 1984 have title:</subfield><subfield code="a">Sunday forum</subfield></datafield><datafield ind1=" " ind2=" " tag="260"><subfield code="a">Fargo, N.D. :</subfield><subfield code="b">Forum Pub. Co.,</subfield><subfield code="c">1966-</subfield></datafield><datafield ind1=" " ind2=" " tag="300"><subfield code="a">v. :</subfield><subfield code="b">ill.</subfield></datafield><datafield ind1=" " ind2=" " tag="310"><subfield code="a">Daily</subfield></datafield><datafield ind1="0" ind2=" " tag="362"><subfield code="a">Vol. 88, no. 99 (Apr. 1, 1966)-</subfield></datafield><datafield ind1=" " ind2=" " tag="500"><subfield code="a">Datelined Fargo - Moorhead.</subfield></datafield><datafield ind1=" " ind2=" " tag="530"><subfield code="a">Also issued on microfilm from University Microfilms International and Dakota Microfilm Service.</subfield></datafield><datafield ind1=" " ind2=" " tag="530"><subfield code="a">Also available in microfilm from ProQuest, &lt;2001-&gt;.</subfield></datafield><datafield ind1=" " ind2=" " tag="580"><subfield code="a">Formed by the union of: The Fargo forum, daily Republican and Moorhead daily news, and: The Fargo forum, daily tribune and Moorhead daily news.</subfield></datafield><datafield ind1=" " ind2=" " tag="580"><subfield code="a">Published in various regional eds., &lt;May 1, 1998-</subfield></datafield><datafield ind1=" " ind2=" " tag="580"><subfield code="a">Has an index: Forum index, obituaries.</subfield></datafield><datafield ind1=" " ind2=" " tag="588"><subfield code="a">Latest issue consulted: Vol. 109, no. 238 (Sunday, July 12, 1987).</subfield></datafield><datafield ind1=" " ind2="0" tag="651"><subfield code="a">Fargo (N.D.)</subfield><subfield code="v">Newspapers.</subfield></datafield><datafield ind1=" " ind2="0" tag="651"><subfield code="a">Moorhead (Minn.)</subfield><subfield code="v">Newspapers.</subfield></datafield><datafield ind1=" " ind2="7" tag="651"><subfield code="a">Minnesota</subfield><subfield code="z">Moorhead.</subfield><subfield code="2">fast</subfield><subfield code="0">(OCoLC)fst01208413</subfield></datafield><datafield ind1=" " ind2="7" tag="651"><subfield code="a">North Dakota</subfield><subfield code="z">Fargo.</subfield><subfield code="2">fast</subfield><subfield code="0">(OCoLC)fst01211331</subfield></datafield><datafield ind1=" " ind2="7" tag="655"><subfield code="a">Newspapers.</subfield><subfield code="2">fast</subfield><subfield code="0">(OCoLC)fst01423814</subfield></datafield><datafield ind1=" " ind2=" " tag="752"><subfield code="a">United States</subfield><subfield code="b">North Dakota</subfield><subfield code="c">Cass</subfield><subfield code="d">Fargo.</subfield></datafield><datafield ind1="1" ind2="4" tag="780"><subfield code="t">Fargo forum, daily Republican and Moorhead daily news</subfield><subfield code="w">(DLC)sn 85042221</subfield><subfield code="w">(OCoLC)11961601</subfield></datafield><datafield ind1="1" ind2="4" tag="780"><subfield code="t">Fargo forum, daily tribune and Moorhead daily news</subfield><subfield code="w">(DLC)sn 86056953</subfield><subfield code="w">(OCoLC)15995778</subfield></datafield><datafield ind1="1" ind2=" " tag="787"><subfield code="t">Forum index, obituaries</subfield><subfield code="w">(DLC)   96648067</subfield><subfield code="w">(OCoLC)23852580</subfield></datafield></record>